<record><leader>00000cas a2200000Ia 4500</leader><controlfield tag="001">7627074</controlfield><controlfield tag="008">810729u1845uuuumauuu ne      0   a0eng d</controlfield><controlfield tag="009">148</controlfield><datafield ind1=" " ind2=" " tag="010"><subfield code="a">sn 98068471 </subfield></datafield><datafield ind1=" " ind2=" " tag="040"><subfield code="a">NYG</subfield><subfield code="b">eng</subfield><subfield code="c">NYG</subfield><subfield code="d">NVK</subfield><subfield code="d">DLC</subfield><subfield code="d">OCL</subfield><subfield code="d">OCLCQ</subfield></datafield><datafield ind1=" " ind2=" " tag="043"><subfield code="a">n-us-ma</subfield></datafield><datafield ind1=" " ind2=" " tag="092"><subfield code="a">366.3</subfield><subfield code="b">qO2345</subfield></datafield><datafield ind1="0" ind2="4" tag="245"><subfield code="a">The Odd fellow.</subfield></datafield><datafield ind1=" " ind2=" " tag="260"><subfield code="a">Boston :</subfield><subfield code="b">H.B. Skinner &amp; Co.,</subfield><subfield code="c">1845-</subfield></datafield><datafield ind1=" " ind2=" " tag="300"><subfield code="a">v.</subfield></datafield><datafield ind1="0" ind2=" " tag="362"><subfield code="a">Vol. 1, no. 1 (Apr. 1, 1845)-</subfield></datafield><datafield ind1=" " ind2=" " tag="500"><subfield code="a">"Friendly society newspapers."</subfield></datafield><datafield ind1=" " ind2=" " tag="500"><subfield code="a">Latest issue consulted: Vol. 8, no. 18 (Jan. 24, 1849).</subfield></datafield><datafield ind1=" " ind2=" " tag="550"><subfield code="a">A weekly journal, devoted to Odd Fellowship, and matters and things in general.</subfield></datafield><datafield ind1="2" ind2="0" tag="610"><subfield code="a">Independent Order of Odd Fellows</subfield><subfield code="v">Newspapers.</subfield></datafield><datafield ind1=" " ind2="0" tag="651"><subfield code="a">Boston (Mass.)</subfield><subfield code="v">Newspapers.</subfield></datafield><datafield ind1=" " ind2=" " tag="752"><subfield code="a">United States</subfield><subfield code="b">Massachusetts</subfield><subfield code="c">Suffolk</subfield><subfield code="d">Boston.</subfield></datafield></record>